<?xml version="1.0" encoding="UTF-8"?><record xmlns="http://www.loc.gov/MARC21/slim" xmlns:cinclude="http://apache.org/cocoon/include/1.0" xmlns:zs="http://www.loc.gov/zing/srw/">
  <leader>00417nz  a2200121n  4500</leader>
  <controlfield tag="001">n 2006082338</controlfield>
  <controlfield tag="003">DLC</controlfield>
  <controlfield tag="005">20061027074942.0</controlfield>
  <controlfield tag="008">061026n| acannaabn          |n aaa      </controlfield>
  <datafield tag="010" ind1=" " ind2=" ">
    <subfield code="a">n 2006082338</subfield>
  </datafield>
  <datafield tag="040" ind1=" " ind2=" ">
    <subfield code="a">DLC</subfield>
    <subfield code="b">eng</subfield>
    <subfield code="c">DLC</subfield>
  </datafield>
  <datafield tag="100" ind1="1" ind2=" ">
    <subfield code="a">Lepley, Sandra J.,</subfield>
    <subfield code="d">1948-</subfield>
  </datafield>
  <datafield tag="670" ind1=" " ind2=" ">
    <subfield code="a">Lepley, Sandra J. Community colleges and student information systems implementation, c2006:</subfield>
    <subfield code="b">ECIP t.p. (Sandra J. Lepley) data view (b. Aug. 29, 1948)</subfield>
  </datafield>
</record>